<record><leader>00000cas a2200000 a 4500</leader><controlfield tag="001">36852667</controlfield><controlfield tag="008">970505c19959999fludr ne      0    0eng c</controlfield><datafield ind1=" " ind2=" " tag="010"><subfield code="a">sn 97027762 </subfield></datafield><datafield ind1=" " ind2=" " tag="040"><subfield code="a">FUG</subfield><subfield code="b">eng</subfield><subfield code="c">FUG</subfield><subfield code="d">NVF</subfield><subfield code="d">CUS</subfield><subfield code="d">OCLCQ</subfield><subfield code="d">OCLCF</subfield></datafield><datafield ind1="1" ind2=" " tag="029"><subfield code="a">AU@</subfield><subfield code="b">000013250330</subfield></datafield><datafield ind1=" " ind2=" " tag="032"><subfield code="a">743170</subfield><subfield code="b">USPS</subfield></datafield><datafield ind1=" " ind2=" " tag="037"><subfield code="b">23170 Harborview Rd., Charlotte Harbor, FL 33980-2198</subfield></datafield><datafield ind1=" " ind2=" " tag="042"><subfield code="a">pcc</subfield></datafield><datafield ind1=" " ind2=" " tag="043"><subfield code="a">n-us-fl</subfield></datafield><datafield ind1="0" ind2=" " tag="130"><subfield code="a">Charlotte sun herald (Charlotte Harbor, Fla. : 1995)</subfield></datafield><datafield ind1="1" ind2="0" tag="245"><subfield code="a">Charlotte sun herald.</subfield></datafield><datafield ind1="1" ind2="7" tag="246"><subfield code="a">Sun herald</subfield></datafield><datafield ind1=" " ind2=" " tag="260"><subfield code="a">Charlotte Harbor, FL :</subfield><subfield code="b">Sun Coast Media Group,</subfield><subfield code="c">1995-</subfield></datafield><datafield ind1=" " ind2=" " tag="300"><subfield code="a">v.</subfield></datafield><datafield ind1=" " ind2=" " tag="310"><subfield code="a">Daily</subfield></datafield><datafield ind1="1" ind2=" " tag="362"><subfield code="a">Vol. 103, no. 225 (Aug. 13, 1995)-</subfield></datafield><datafield ind1=" " ind2=" " tag="500"><subfield code="a">"An edition of The Sun Herald."</subfield></datafield><datafield ind1=" " ind2=" " tag="530"><subfield code="a">Also issued on microfilm from Crest Technologies.</subfield></datafield><datafield ind1=" " ind2=" " tag="580"><subfield code="a">Monday supplement: Weekly record; Wednesday supplement: Punta Gorda herald.</subfield></datafield><datafield ind1=" " ind2=" " tag="580"><subfield code="a">Other eds.: DeSoto sun herald, 1995-&lt;1997&gt;; Englewood sun herald, 1995-&lt;1997&gt;; North Port sun herald, &lt;1997&gt;.</subfield></datafield><datafield ind1=" " ind2=" " tag="588"><subfield code="a">Latest issue consulted: Vol. 105, no. 112 (Apr. 23, 1997).</subfield></datafield><datafield ind1=" " ind2="0" tag="651"><subfield code="a">Charlotte Harbor (Fla.)</subfield><subfield code="v">Newspapers.</subfield></datafield><datafield ind1=" " ind2="0" tag="651"><subfield code="a">Charlotte County (Fla.)</subfield><subfield code="v">Newspapers.</subfield></datafield><datafield ind1=" " ind2="7" tag="655"><subfield code="a">Newspapers.</subfield><subfield code="2">fast</subfield><subfield code="0">(OCoLC)fst01423814</subfield></datafield><datafield ind1=" " ind2="7" tag="651"><subfield code="a">Florida</subfield><subfield code="z">Charlotte County.</subfield><subfield code="2">fast</subfield><subfield code="0">(OCoLC)fst01217561</subfield></datafield><datafield ind1=" " ind2="7" tag="651"><subfield code="a">Florida</subfield><subfield code="z">Charlotte Harbor.</subfield><subfield code="2">fast</subfield><subfield code="0">(OCoLC)fst01236174</subfield></datafield><datafield ind1=" " ind2=" " tag="752"><subfield code="a">United States</subfield><subfield code="b">Florida</subfield><subfield code="c">Charlotte</subfield><subfield code="d">Charlotte Harbor.</subfield></datafield><datafield ind1="1" ind2=" " tag="770"><subfield code="t">Weekly record</subfield></datafield><datafield ind1="1" ind2=" " tag="770"><subfield code="t">Punta Gorda herald</subfield></datafield><datafield ind1="1" ind2=" " tag="775"><subfield code="t">DeSoto sun herald</subfield><subfield code="w">(DLC)sn 97027671</subfield><subfield code="w">(OCoLC)36304972</subfield></datafield><datafield ind1="1" ind2=" " tag="775"><subfield code="t">Englewood sun herald</subfield><subfield code="w">(DLC)sn 97027763</subfield></datafield><datafield ind1="1" ind2=" " tag="775"><subfield code="t">North Port sun herald</subfield><subfield code="w">(DLC)sn 97027764</subfield></datafield><datafield ind1="0" ind2="8" tag="776"><subfield code="i">Online version:</subfield><subfield code="t">Charlotte sun herald (Charlotte Harbor, Fla. : 1995 : Online)</subfield><subfield code="w">(OCoLC)52767445</subfield></datafield><datafield ind1="0" ind2="0" tag="780"><subfield code="t">Sun herald (Charlotte Harbor, Fla. : Charlotte ed.)</subfield><subfield code="x">1055-7806</subfield><subfield code="w">(DLC)sn 91002725</subfield><subfield code="w">(OCoLC)23302696</subfield></datafield><datafield ind1="4" ind2=" " tag="856"><subfield code="z">Related internet site:</subfield><subfield code="u">http://www.charlotte-florida.com/NewsAndFeatures/</subfield></datafield></record>